


@ARTICLE{boyd_2013, 
author = "Boyd, J.P.",
title = "Finding the Zeros of a Univariate Equation: Proxy Rootfinders, Chebyshev Interpolation, and the Companion Matrix",
journal = "SIAM Review",
volume = "55",
number = "2",
pages = "375-396",
year = "2013",
doi = "10.1137/110838297",

URL = " 
        https://doi.org/10.1137/110838297
    
",
eprint = " 
        https://doi.org/10.1137/110838297
    
"

}
@phdthesis{townsend_2014,
author={Townsend, A.},
year={2014},
title={Computing with functions in two dimensions},
journal={PQDT - UK & Ireland},
school   = {University of Oxford},
}

@ARTICLE{bell_2018, 
author = "Bell, I.H. and Bouck, L. and Alpert, B.K.",
title = "ChebTools: A C++11 based library for working with Chebyshev expansions.",
journal = "Journal of Open Source Software",
year = "2018",
note = "To be submitted",
}
	
@BOOK{driscoll_2014, 
	author = "Driscoll, T. A and Hale, N. and Trefethen, L. N.",
	publisher = "Pafnuty Publications",
	title = "Chebfun Guide",
	url = "http://www.chebfun.org/docs/guide/",
	year = "2014",
	bdsk-url-1 = "http://www.chebfun.org/docs/guide/"}



@ARTICLE{kunick_2008, 
author = "Kunick, M. and Kretzschmar, H.J. and Gampe, U.",
year = "2008",
month = "01",
title = "Fast calculation of thermodynamic properties of water and steam in process modelling using spline interpolation",
booktitle = "Proc. ICPWS XV, Berlin, Germany"
}


@BOOK{trefethen_2012, 
 author = "Trefethen, L.N.",
 title = "Approximation Theory and Approximation Practice (Other Titles in Applied Mathematics)",
 year = "2012",
 isbn = "1611972396, 9781611972399",
 publisher = "Society for Industrial and Applied Mathematics",
 address = "Philadelphia, PA, USA",
} 

@misc{townsend_2013-2,
  author       = {Townsend, A.}, 
  title        = {Chebfun2 objects on non-rectangular domains},
  howpublished = {http://www.chebfun.org/examples/approx2/Other2DDomains.html},
  year         = 2013,
}


@ARTICLE{nakatsukasa_2013, 
	author = "Nakatsukasa, Y. and Noferini, V. and Townsend, A.",
	journal = "Numerische Mathematik",
	pages = "1--29",
	publisher = "Springer",
	title = "Computing the common zeros of two bivariate functions via B{\'e}zout resultants",
	year = "2013"}
	
@ARTICLE{nakatsukasa_2017,
author = "Nakatsukasa, Y. and Noferini, V. and Townsend, A.",
title = "Vector Spaces of Linearizations for Matrix Polynomials: A Bivariate Polynomial Approach",
journal = "SIAM Journal on Matrix Analysis and Applications",
volume = "38",
number = "1",
pages = "1-29",
year = "2017",
doi = "10.1137/15M1013286",

URL = " 
        https://doi.org/10.1137/15M1013286
    
",
eprint = " 
        https://doi.org/10.1137/15M1013286
    
"
}

@ARTICLE{townsend_2013,
	Author = "Townsend, A. and Trefethen, L. N.",
	Journal = "SIAM Journal on Scientific Computing",
	Number = "6",
	Pages = "C495--C518",
	Publisher = "SIAM",
	Title = "An extension of Chebfun to two dimensions",
	Volume = "35",
	Year = "2013"}